@inproceedings{dos17carla,
  title = {{CARLA}: {An} Open Urban Driving Simulator},
  author = {Alexey Dosovitskiy and German Ros and Felipe Codevilla and Antonio Lopez and Vladlen Koltun},
  booktitle = {Proceedings of the 1st Annual Conference on Robot Learning},
  pages = {1--16},
  year = {2017}
}

@misc{oh_2017,
  title = {Nvidia announces Drive PX Pegasus at GTC Europe 2017: Level 5 Self-Driving Hardware, Feat. Post-Volta GPUs},
  url = {https://www.anandtech.com/show/11913/nvidia-announces-drive-px-pegasus-at-gtc-europe-2017-feat-nextgen-gpus},
  journal = {AnandTech},
  publisher = {AnandTech},
  author = {Oh, Nate},
  year = {2017},
  month = {Oct}
} 
